@FOOTNOTE{Note1,key="Note1",note="The data for the current exchange density is inverted for the Tafel equation"}
@FOOTNOTE{Note2,key="Note2",note="At least in principle, as we shall see later on in the discussion this isn't the whole story."}
@CONTROL{REVTEX42Control}
@CONTROL{apsrev42Control,author="08",editor="1",pages="0",title="0",year="1"}
